 @misc{coralreefecosystems, 
    title={Coral Reef Ecosystems}, url={https://www.noaa.gov/education/resource-collections/marine-life/coral-reef-ecosystems},
    author={NOAA},
    howpublished={https://noaa.gov}
 } 
 @article{yolov4,
  title={Yolov4: Optimal speed and accuracy of object detection},
  author={Bochkovskiy, Alexey and Wang, Chien-Yao and Liao, Hong-Yuan Mark},
  journal={arXiv preprint arXiv:2004.10934},
  year={2020}
}

@ARTICLE{9356353,  author={Minaee, Shervin and Boykov, Yuri and Porikli, Fatih and Plaza, Antonio and Kehtarnavaz, Nasser and Terzopoulos, Demetri},  journal={IEEE Transactions on Pattern Analysis and Machine Intelligence},   title={Image Segmentation Using Deep Learning: A Survey},   year={2022},  volume={44},  number={7},  pages={3523-3542},  doi={10.1109/TPAMI.2021.3059968}}
@misc{rcnn,
  doi = {10.48550/ARXIV.1506.01497},
  
  url = {https://arxiv.org/abs/1506.01497},
  
  author = {Ren, Shaoqing and He, Kaiming and Girshick, Ross and Sun, Jian},
  
  keywords = {Computer Vision and Pattern Recognition (cs.CV), FOS: Computer and information sciences, FOS: Computer and information sciences},
  
  title = {Faster R-CNN: Towards Real-Time Object Detection with Region Proposal Networks},
  
  publisher = {arXiv},
  
  year = {2015},
  
  copyright = {arXiv.org perpetual, non-exclusive license}
}

@misc{yolox,
  doi = {10.48550/ARXIV.2107.08430},
  
  url = {https://arxiv.org/abs/2107.08430},
  
  author = {Ge, Zheng and Liu, Songtao and Wang, Feng and Li, Zeming and Sun, Jian},
  
  keywords = {Computer Vision and Pattern Recognition (cs.CV), FOS: Computer and information sciences, FOS: Computer and information sciences},
  
  title = {YOLOX: Exceeding YOLO Series in 2021},
  
  publisher = {arXiv},
  
  year = {2021},
  
  copyright = {arXiv.org perpetual, non-exclusive license}
}

@misc{mixup,
  doi = {10.48550/ARXIV.1710.09412},
  
  url = {https://arxiv.org/abs/1710.09412},
  
  author = {Zhang, Hongyi and Cisse, Moustapha and Dauphin, Yann N. and Lopez-Paz, David},
  
  keywords = {Machine Learning (cs.LG), Machine Learning (stat.ML), FOS: Computer and information sciences, FOS: Computer and information sciences},
  
  title = {mixup: Beyond Empirical Risk Minimization},
  
  publisher = {arXiv},
  
  year = {2017},
  
  copyright = {arXiv.org perpetual, non-exclusive license}
}

@misc{cutmix,
  doi = {10.48550/ARXIV.1905.04899},
  
  url = {https://arxiv.org/abs/1905.04899},
  
  author = {Yun, Sangdoo and Han, Dongyoon and Oh, Seong Joon and Chun, Sanghyuk and Choe, Junsuk and Yoo, Youngjoon},
  
  keywords = {Computer Vision and Pattern Recognition (cs.CV), Machine Learning (cs.LG), FOS: Computer and information sciences, FOS: Computer and information sciences},
  
  title = {CutMix: Regularization Strategy to Train Strong Classifiers with Localizable Features},
  
  publisher = {arXiv},
  
  year = {2019},
  
  copyright = {arXiv.org perpetual, non-exclusive license}
}

@misc{randaugment,
  doi = {10.48550/ARXIV.1909.13719},
  
  url = {https://arxiv.org/abs/1909.13719},
  
  author = {Cubuk, Ekin D. and Zoph, Barret and Shlens, Jonathon and Le, Quoc V.},
  
  keywords = {Computer Vision and Pattern Recognition (cs.CV), FOS: Computer and information sciences, FOS: Computer and information sciences},
  
  title = {RandAugment: Practical automated data augmentation with a reduced search space},
  
  publisher = {arXiv},
  
  year = {2019},
  
  copyright = {arXiv.org perpetual, non-exclusive license}
}

@article{ruder2016overview,
  title={An overview of gradient descent optimization algorithms},
  author={Ruder, Sebastian},
  journal={arXiv preprint arXiv:1609.04747},
  year={2016}
}
@misc{adamoptimizer,
  doi = {10.48550/ARXIV.1412.6980},
  
  url = {https://arxiv.org/abs/1412.6980},
  
  author = {Kingma, Diederik P. and Ba, Jimmy},
  
  keywords = {Machine Learning (cs.LG), FOS: Computer and information sciences, FOS: Computer and information sciences},
  
  title = {Adam: A Method for Stochastic Optimization},
  
  publisher = {arXiv},
  
  year = {2014},
  
  copyright = {arXiv.org perpetual, non-exclusive license}
}

 @misc{cots_dataset,
      title={The CSIRO Crown-of-Thorn Starfish Detection Dataset}, 
      author={Jiajun Liu and Brano Kusy and Ross Marchant and Brendan Do and Torsten Merz and Joey Crosswell and Andy Steven and Nic Heaney and Karl von Richter and Lachlan Tychsen-Smith and David Ahmedt-Aristizabal and Mohammad Ali Armin and Geoffrey Carlin and Russ Babcock and Peyman Moghadam and Daniel Smith and Tim Davis and Kemal El Moujahid and Martin Wicke and Megha Malpani},
      year={2021},
      eprint={2111.14311},
      archivePrefix={arXiv},
      primaryClass={cs.CV}
}

@misc{coco,
  doi = {10.48550/ARXIV.1405.0312},
  
  url = {https://arxiv.org/abs/1405.0312},
  
  author = {Lin, Tsung-Yi and Maire, Michael and Belongie, Serge and Bourdev, Lubomir and Girshick, Ross and Hays, James and Perona, Pietro and Ramanan, Deva and Zitnick, C. Lawrence and Dollár, Piotr},
  
  keywords = {Computer Vision and Pattern Recognition (cs.CV), FOS: Computer and information sciences, FOS: Computer and information sciences},
  
  title = {Microsoft COCO: Common Objects in Context},
  
  publisher = {arXiv},
  
  year = {2014},
  
  copyright = {arXiv.org perpetual, non-exclusive license}
}

@misc{retinanet,
  doi = {10.48550/ARXIV.1708.02002},
  
  url = {https://arxiv.org/abs/1708.02002},
  
  author = {Lin, Tsung-Yi and Goyal, Priya and Girshick, Ross and He, Kaiming and Dollár, Piotr},
  
  keywords = {Computer Vision and Pattern Recognition (cs.CV), FOS: Computer and information sciences, FOS: Computer and information sciences},
  
  title = {Focal Loss for Dense Object Detection},
  
  publisher = {arXiv},
  
  year = {2017},
  
  copyright = {arXiv.org perpetual, non-exclusive license}
}

@misc{feature_pyramid,
  doi = {10.48550/ARXIV.1612.03144},
  
  url = {https://arxiv.org/abs/1612.03144},
  
  author = {Lin, Tsung-Yi and Dollár, Piotr and Girshick, Ross and He, Kaiming and Hariharan, Bharath and Belongie, Serge},
  
  keywords = {Computer Vision and Pattern Recognition (cs.CV), FOS: Computer and information sciences, FOS: Computer and information sciences},
  
  title = {Feature Pyramid Networks for Object Detection},
  
  publisher = {arXiv},
  
  year = {2016},
  
  copyright = {arXiv.org perpetual, non-exclusive license}
}

 @misc{colorcorrection, title={Lukewood/underwater-color-correction}, url={https://github.com/LukeWood/underwater-color-correction}, journal={GitHub}, author={Wood, Luke}} 

@misc{resnet,
  doi = {10.48550/ARXIV.1512.03385},
  
  url = {https://arxiv.org/abs/1512.03385},
  
  author = {He, Kaiming and Zhang, Xiangyu and Ren, Shaoqing and Sun, Jian},
  
  keywords = {Computer Vision and Pattern Recognition (cs.CV), FOS: Computer and information sciences, FOS: Computer and information sciences},
  
  title = {Deep Residual Learning for Image Recognition},
  
  publisher = {arXiv},
  
  year = {2015},
  
  copyright = {arXiv.org perpetual, non-exclusive license}
}

@misc{wood2022kerascv,
  title={KerasCV},
  author={Wood, Luke and Zhu, Scott and Chollet, Fran\c{c}ois and others},
  year={2022},
  howpublished={\url{https://github.com/keras-team/keras-cv}},
}

 @misc{coralreefecosystems, 
    title={Coral Reef Ecosystems}, url={https://www.noaa.gov/education/resource-collections/marine-life/coral-reef-ecosystems},
    author={NOAA},
    howpublished={https://noaa.gov}
 } 